@inproceedings{flstd,
  title={Fast LSTD using stochastic approximation: Finite time analysis and application to traffic control},
  author={Prashanth, LA and Korda, Nathaniel and Munos, R{\'e}mi},
  booktitle={Joint European Conference on Machine Learning and Knowledge Discovery in Databases},
  pages={66--81},
  year={2014},
  organization={Springer}
}


@article{flstda,
  title={Fast LSTD using stochastic approximation: Finite time analysis and application to traffic control},
  author={Prashanth, LA and Korda, Nathaniel and Munos, R{\'e}mi},
  journal={arXiv preprint arXiv:1306.2557},
  year={2013}
}


@inproceedings{gtd,
  title={Fast gradient-descent methods for temporal-difference learning with linear function approximation},
  author={Sutton, Richard S and Maei, Hamid Reza and Precup, Doina and Bhatnagar, Shalabh and Silver, David and Szepesv{\'a}ri, Csaba and Wiewiora, Eric},
  booktitle={Proceedings of the 26th Annual International Conference on Machine Learning},
  pages={993--1000},
  year={2009},
  organization={ACM}
}

