@article{bach,
  title={Harder, better, faster, stronger convergence rates for least-squares regression},
  author={Dieuleveut, Aymeric and Flammarion, Nicolas and Bach, Francis},
  journal={arXiv preprint arXiv:1602.05419},
  year={2016}
}

@article{polyak-judisky,
title={Acceleration of stochastic approximation by averaging},
author={Polyak, Boris T and Juditsky, Anatoli B},
journal={SIAM Journal on Control and Optimization},
volume={30},
number={4},
pages={838--855},
year={1992},
publisher={SIAM}
}
@techreport{ruppert,
title={Efficient estimations from a slowly convergent Robbins-Monro process},
author={Ruppert, David},
year={1988},
institution={Cornell University Operations Research and Industrial Engineering}
}

@article{borkarbook,
title={Stochastic Approximation: A Dynamical Systems Viewpoint by Vivek S. Borkar},
author={Crowder, Martin},
journal={International Statistical Review},
volume={77},
number={2},
pages={306--306},
year={2009},
publisher={Wiley Online Library}
}


@book{sutton,
title={Reinforcement learning: An introduction},
author={Sutton, Richard S and Barto, Andrew G},
volume={1},
number={1},
year={1998},
publisher={MIT press Cambridge}
}

@article{konda-tsitsiklis,
title={On average versus discounted reward temporal-difference learning},
author={Tsitsiklis, John N and Van Roy, Benjamin},
journal={Machine Learning},
volume={49},
number={2},
pages={179--191},
year={2002},
publisher={Springer}
}

@inproceedings{gtd,
title={A Convergent $ O (n) $ Temporal-difference Algorithm for Off-policy Learning with Linear Function Approximation},
author={Sutton, Richard S and Maei, Hamid R and Szepesv{\'a}ri, Csaba},
booktitle={Advances in neural information processing systems},
pages={1609--1616},
year={2009}
}

@inproceedings{gtd2,
title={Fast gradient-descent methods for temporal-difference learning with linear function approximation},
author={Sutton, Richard S and Maei, Hamid Reza and Precup, Doina and Bhatnagar, Shalabh and Silver, David and Szepesv{\'a}ri, Csaba and Wiewiora, Eric},
booktitle={Proceedings of the 26th Annual International Conference on Machine Learning},
pages={993--1000},
year={2009},
organization={ACM}
}

@inproceedings{gtdmp,
title={Finite-Sample Analysis of Proximal Gradient TD Algorithms.},
author={Liu, Bo and Liu, Ji and Ghavamzadeh, Mohammad and Mahadevan, Sridhar and Petrik, Marek},
booktitle={UAI},
pages={504--513},
year={2015},
organization={Citeseer}
}

@inproceedings{bachaistats,
title={Averaged least-mean-squares: Bias-variance trade-offs and optimal sampling distributions},
author={D{\'e}fossez, Alexandre and Bach, Francis},
booktitle={Artificial Intelligence and Statistics},
pages={205--213},
year={2015}
}



@book{kushner,
title={Stochastic approximation methods for constrained and unconstrained systems},
author={Kushner, Harold Joseph and Clark, Dean S},
volume={26},
year={2012},
publisher={Springer Science \& Business Media}
}


@inproceedings{korda-prashanth,
title={On TD (0) with function approximation: Concentration bounds and a centered variant with exponential convergence.},
author={Korda, Nathaniel and Prashanth, LA},
booktitle={ICML},
pages={626--634},
year={2015}
}
